<?xml version="1.0" encoding="UTF-8"?><collection xmlns="http://www.loc.gov/MARC21/slim"><record><leader>00360nam--2200121-i-4500</leader><controlfield tag="001">000003222</controlfield><controlfield tag="002">20161230</controlfield><controlfield tag="005">20161230201025</controlfield><controlfield tag="008">060222s1000------------r-----000-0-eng-d</controlfield><datafield ind1=" " ind2=" " tag="080"><subfield code="a">89</subfield></datafield><datafield ind1=" " ind2=" " tag="245"><subfield code="a">Automatic coding.proceedings of the symposium hel january 24-25,1957 at the franklin institute in philadelphia</subfield></datafield><datafield ind1=" " ind2=" " tag="260"><subfield code="a">Lancaster,1957 Vii + 118 P</subfield></datafield><datafield ind1=" " ind2=" " tag="852"><subfield code="a">12857</subfield></datafield></record></collection>